<record><leader>00000cas a2200000 i 4500</leader><controlfield tag="001">10111988</controlfield><controlfield tag="008">831109d18381841miuwr ne      0    0eng c</controlfield><datafield ind1=" " ind2=" " tag="010"><subfield code="a">sn 83026616 </subfield></datafield><datafield ind1=" " ind2=" " tag="040"><subfield code="a">NPV</subfield><subfield code="b">eng</subfield><subfield code="c">NPV</subfield><subfield code="d">NPX</subfield><subfield code="d">NVF</subfield><subfield code="d">MHN</subfield><subfield code="d">OCL</subfield><subfield code="d">OCLCQ</subfield><subfield code="d">OCLCF</subfield><subfield code="d">OCLCO</subfield></datafield><datafield ind1="1" ind2=" " tag="029"><subfield code="a">AU@</subfield><subfield code="b">000020125740</subfield></datafield><datafield ind1=" " ind2=" " tag="042"><subfield code="a">pcc</subfield></datafield><datafield ind1=" " ind2=" " tag="043"><subfield code="a">n-us-mi</subfield></datafield><datafield ind1=" " ind2=" " tag="045"><subfield code="a">w3w4</subfield></datafield><datafield ind1=" " ind2=" " tag="052"><subfield code="a">4113</subfield><subfield code="b">B6</subfield></datafield><datafield ind1="0" ind2=" " tag="130"><subfield code="a">Niles intelligencer (Niles, Mich. : 1838)</subfield></datafield><datafield ind1="1" ind2="0" tag="245"><subfield code="a">Niles intelligencer.</subfield></datafield><datafield ind1=" " ind2=" " tag="260"><subfield code="a">Niles, Berrien County, Mich. :</subfield><subfield code="b">Henry Barns,</subfield></datafield><datafield ind1=" " ind2=" " tag="300"><subfield code="a">3 v. :</subfield><subfield code="b">ill. (chiefly adv.)</subfield><subfield code="c">54 cm.</subfield></datafield><datafield ind1=" " ind2=" " tag="310"><subfield code="a">Weekly</subfield></datafield><datafield ind1="0" ind2=" " tag="362"><subfield code="a">Vol. 1, no. 1 (Feb. 21, 1838)-v. 3, no. 40 (Mar. 10, 1841).</subfield></datafield><datafield ind1=" " ind2=" " tag="500"><subfield code="a">Editors: Henry Barns, 1838; Chancey C. Britt, John A. Brown, 1838-1840; John A. Brown, 1840-1841.</subfield></datafield><datafield ind1=" " ind2="0" tag="651"><subfield code="a">Niles (Mich.)</subfield><subfield code="v">Newspapers.</subfield></datafield><datafield ind1=" " ind2="0" tag="651"><subfield code="a">Berrien County (Mich.)</subfield><subfield code="v">Newspapers.</subfield></datafield><datafield ind1=" " ind2="7" tag="655"><subfield code="a">Newspapers.</subfield><subfield code="2">fast</subfield><subfield code="0">(OCoLC)fst01423814</subfield></datafield><datafield ind1=" " ind2="7" tag="651"><subfield code="a">Michigan</subfield><subfield code="z">Berrien County.</subfield><subfield code="2">fast</subfield><subfield code="0">(OCoLC)fst01203031</subfield></datafield><datafield ind1=" " ind2="7" tag="651"><subfield code="a">Michigan</subfield><subfield code="z">Niles.</subfield><subfield code="2">fast</subfield><subfield code="0">(OCoLC)fst01231617</subfield></datafield><datafield ind1="1" ind2=" " tag="700"><subfield code="a">Barns, Henry.</subfield></datafield><datafield ind1="1" ind2=" " tag="700"><subfield code="a">Britt, Chancey C.</subfield></datafield><datafield ind1="1" ind2=" " tag="700"><subfield code="a">Brown, John A.</subfield></datafield><datafield ind1=" " ind2=" " tag="752"><subfield code="a">United States</subfield><subfield code="b">Michigan</subfield><subfield code="c">Berrien</subfield><subfield code="d">Niles.</subfield></datafield><datafield ind1="0" ind2="4" tag="785"><subfield code="t">Niles Republican (Niles, Mich. : 1839)</subfield><subfield code="w">(DLC)sn 83016415</subfield><subfield code="w">(OCoLC)9802694</subfield></datafield></record>